<record><leader>01438cam a2200313   4500</leader><controlfield tag="001">1348425</controlfield><controlfield tag="008">910110s1985    lu           i    0 eng c</controlfield><datafield ind1=" " ind2=" " tag="020"><subfield code="a">9282552349</subfield></datafield><datafield ind1=" " ind2=" " tag="035"><subfield code="a">ocn456402567</subfield></datafield><datafield ind1=" " ind2=" " tag="040"><subfield code="b">eng</subfield></datafield><datafield ind1=" " ind2=" " tag="043"><subfield code="a">e------</subfield></datafield><datafield ind1=" " ind2=" " tag="049"><subfield code="a">AEU</subfield><subfield code="b">eng</subfield></datafield><datafield ind1="0" ind2=" " tag="086"><subfield code="a">CB-NF-85-003-EN-C</subfield></datafield><datafield ind1="0" ind2=" " tag="090"><subfield code="a">GOV DOC ZZ EM1 B72 Supp. 1985\3</subfield></datafield><datafield ind1="2" ind2=" " tag="110"><subfield code="a">Commission of the European Communities.</subfield></datafield><datafield ind1="1" ind2="0" tag="245"><subfield code="a">Proposal for a tenth Council directive based on article 54 (3) (g) of the EEC treaty concerning cross-border mergers of public limited companies /</subfield><subfield code="c">(presented by the Commission to the Council on 14 January 1985).</subfield></datafield><datafield ind1=" " ind2=" " tag="260"><subfield code="a">Luxembourg :</subfield><subfield code="b">Office for Official Publications of the European Communities,</subfield><subfield code="c">1985.</subfield></datafield><datafield ind1=" " ind2=" " tag="300"><subfield code="a">23 p. ;</subfield><subfield code="c">25 cm.</subfield></datafield><datafield ind1=" " ind2=" " tag="336"><subfield code="a">text</subfield><subfield code="b">txt</subfield><subfield code="2">rdacontent</subfield></datafield><datafield ind1=" " ind2=" " tag="337"><subfield code="a">unmediated</subfield><subfield code="b">n</subfield><subfield code="2">rdamedia</subfield></datafield><datafield ind1=" " ind2=" " tag="338"><subfield code="a">volume</subfield><subfield code="b">nc</subfield><subfield code="2">rdacarrier</subfield></datafield><datafield ind1="1" ind2=" " tag="490"><subfield code="a">Bulletin of the European Communities Supplement.</subfield><subfield code="v">3/85</subfield></datafield><datafield ind1=" " ind2=" " tag="500"><subfield code="a">(Based on COM (84) 727 final).</subfield></datafield><datafield ind1=" " ind2=" " tag="596"><subfield code="a">38</subfield></datafield><datafield ind1=" " ind2="0" tag="650"><subfield code="a">Consolidation and merger of corporations</subfield><subfield code="z">European Economic Community countries.</subfield></datafield><datafield ind1="2" ind2=" " tag="710"><subfield code="a">Council of the European Communities.</subfield></datafield><datafield ind1="0" ind2=" " tag="740"><subfield code="a">Cross-border mergers of public limited companies: proposal for a tenth directive.</subfield></datafield><datafield ind1=" " ind2="0" tag="830"><subfield code="a">Bulletin of the European Communities.</subfield><subfield code="p">Supplement ;</subfield><subfield code="v">1985:3.</subfield></datafield><datafield ind1=" " ind2=" " tag="926"><subfield code="a">GOV DOC ZZ EM1 B72 Supp. 1985/3</subfield><subfield code="w">LC</subfield><subfield code="c">1</subfield><subfield code="i">000035502509</subfield><subfield code="l">ON_SHELF</subfield><subfield code="m">UABARD</subfield><subfield code="p">$150.00</subfield><subfield code="r">Y</subfield><subfield code="s">Y</subfield><subfield code="t">BOOK</subfield><subfield code="u">1/29/1991</subfield><subfield code="o">.STAFF. B0038668</subfield></datafield></record>